<record><leader>00000cas a2200000 a 4500</leader><controlfield tag="001">3968146</controlfield><controlfield tag="008">780612c19uu9999txudr ne      0   a0eng c</controlfield><datafield ind1=" " ind2=" " tag="010"><subfield code="a">sn 85042551 </subfield></datafield><datafield ind1=" " ind2=" " tag="040"><subfield code="a">TXG</subfield><subfield code="b">eng</subfield><subfield code="c">TXG</subfield><subfield code="d">DLC</subfield><subfield code="d">NPT</subfield><subfield code="d">PPM</subfield><subfield code="d">OCL</subfield><subfield code="d">PPM</subfield><subfield code="d">CNK</subfield><subfield code="d">OBN</subfield><subfield code="d">CVF</subfield><subfield code="d">OCLCQ</subfield><subfield code="d">DLC</subfield><subfield code="d">OCLCF</subfield></datafield><datafield ind1=" " ind2=" " tag="019"><subfield code="a">3968121</subfield></datafield><datafield ind1="0" ind2=" " tag="022"><subfield code="a">2331-5962</subfield><subfield code="2">1</subfield></datafield><datafield ind1=" " ind2=" " tag="042"><subfield code="a">pcc</subfield><subfield code="a">nsdp</subfield></datafield><datafield ind1=" " ind2=" " tag="043"><subfield code="a">n-us-tx</subfield></datafield><datafield ind1="0" ind2="0" tag="050"><subfield code="a">Newspaper</subfield></datafield><datafield ind1="0" ind2="0" tag="082"><subfield code="a">071</subfield><subfield code="2">23</subfield></datafield><datafield ind1="0" ind2=" " tag="130"><subfield code="a">Amarillo daily news (Amarillo, Tex. : 1909)</subfield></datafield><datafield ind1=" " ind2="0" tag="222"><subfield code="a">Amarillo daily news</subfield><subfield code="b">(Amarillo, Tex. 1909. Print)</subfield></datafield><datafield ind1="1" ind2="0" tag="245"><subfield code="a">Amarillo daily news.</subfield></datafield><datafield ind1="3" ind2=" " tag="246"><subfield code="a">Amarillo Sunday news-globe</subfield></datafield><datafield ind1=" " ind2=" " tag="260"><subfield code="a">Amarillo, Tex. :</subfield><subfield code="b">Amarillo Pub. Co.</subfield></datafield><datafield ind1=" " ind2=" " tag="300"><subfield code="a">v. :</subfield><subfield code="b">ill. ;</subfield><subfield code="c">55 cm.</subfield></datafield><datafield ind1=" " ind2=" " tag="310"><subfield code="a">Daily</subfield></datafield><datafield ind1=" " ind2=" " tag="321"><subfield code="a">Daily (except Mon.)</subfield></datafield><datafield ind1=" " ind2=" " tag="500"><subfield code="a">On Sunday published as: Amarillo Sunday news-globe.</subfield></datafield><datafield ind1=" " ind2=" " tag="500"><subfield code="a">Aug. 23, 1987 issue includes special supplements for the Centennial of Amarillo, Texas.</subfield></datafield><datafield ind1=" " ind2=" " tag="500"><subfield code="a">Publisher: J. E. Nunn, &lt;1922-&gt;</subfield></datafield><datafield ind1=" " ind2=" " tag="525"><subfield code="a">Has occasional supplements.</subfield></datafield><datafield ind1=" " ind2=" " tag="530"><subfield code="a">Also issued on microfilm from Microfilm Center, Inc.</subfield></datafield><datafield ind1=" " ind2=" " tag="530"><subfield code="a">Archived issues are available in digital format as part of the Library of Congress Chronicling America online collection.</subfield></datafield><datafield ind1=" " ind2=" " tag="580"><subfield code="a">Also published in an evening ed. called: Amarillo globe-times.</subfield></datafield><datafield ind1=" " ind2=" " tag="588"><subfield code="a">Description based on: Vol. 3 [i.e. v. 2], no. 61 (Jan. 13, 1911).</subfield></datafield><datafield ind1=" " ind2="0" tag="651"><subfield code="a">Amarillo (Tex.)</subfield><subfield code="v">Newspapers.</subfield></datafield><datafield ind1=" " ind2="0" tag="651"><subfield code="a">Potter County (Tex.)</subfield><subfield code="v">Newspapers.</subfield></datafield><datafield ind1=" " ind2="7" tag="655"><subfield code="a">Newspapers.</subfield><subfield code="2">fast</subfield><subfield code="0">(OCoLC)fst01423814</subfield></datafield><datafield ind1=" " ind2="7" tag="651"><subfield code="a">Texas</subfield><subfield code="z">Amarillo.</subfield><subfield code="2">fast</subfield><subfield code="0">(OCoLC)fst01206358</subfield></datafield><datafield ind1=" " ind2="7" tag="651"><subfield code="a">Texas</subfield><subfield code="z">Potter County.</subfield><subfield code="2">fast</subfield><subfield code="0">(OCoLC)fst01209221</subfield></datafield><datafield ind1=" " ind2=" " tag="752"><subfield code="a">United States</subfield><subfield code="b">Texas</subfield><subfield code="c">Potter</subfield><subfield code="d">Amarillo.</subfield></datafield><datafield ind1="0" ind2="8" tag="776"><subfield code="i">Online version:</subfield><subfield code="t">Amarillo daily news (Amarillo, Tex. : 1909 : Online)</subfield><subfield code="x">2331-5970</subfield><subfield code="w">(DLC)  2013218991</subfield><subfield code="w">(OCoLC)232117898</subfield></datafield><datafield ind1="0" ind2="5" tag="780"><subfield code="t">Amarillo daily tribune</subfield><subfield code="w">(DLC)sn 86090700</subfield><subfield code="w">(OCoLC)15068519</subfield></datafield><datafield ind1="0" ind2="5" tag="780"><subfield code="t">Daily panhandle (Amarillo, Tex.: 1906)</subfield><subfield code="x">2331-6314</subfield><subfield code="w">(DLC)sn 86088049</subfield><subfield code="w">(OCoLC)13832325</subfield></datafield><datafield ind1="4" ind2="1" tag="856"><subfield code="u">http://chroniclingamerica.loc.gov/lccn/sn85042551/issues</subfield></datafield></record>